<?xml version="1.0" encoding="UTF-8"?><collection xmlns="http://www.loc.gov/MARC21/slim"><record><leader>00528nam--2200169-i-4500</leader><controlfield tag="001">000003525</controlfield><controlfield tag="002">20161230</controlfield><controlfield tag="005">20161230201025</controlfield><controlfield tag="008">060222s1000------------r-----000-0-rum-d</controlfield><datafield ind1=" " ind2=" " tag="040"><subfield code="a">IFIN-HH</subfield></datafield><datafield ind1=" " ind2=" " tag="041"><subfield code="a">rum</subfield></datafield><datafield ind1="1" ind2=" " tag="100"><subfield code="a">Buchholtz, N.N., Voronkov, I.M., Minakov, I.A</subfield></datafield><datafield ind1="1" ind2="0" tag="245"><subfield code="a">Culegere de probleme de mecanica rationala. tr aducere din limba rusa</subfield><subfield code="c">N.n.buchholtz; i.m. voronkov; i.a. minakov</subfield></datafield><datafield ind1=" " ind2=" " tag="260"><subfield code="a">Bucuresti, Editura Tehnica, 1952</subfield></datafield><datafield ind1=" " ind2=" " tag="300"><subfield code="a">305 P.+ ERATA</subfield></datafield><datafield ind1=" " ind2=" " tag="852"><subfield code="a">2689</subfield><subfield code="c">531</subfield></datafield><datafield ind1=" " ind2=" " tag="CAT"><subfield code="a">Sys</subfield><subfield code="c">20100513</subfield><subfield code="h">135010</subfield></datafield></record></collection>